@article{HumbleProgrammer,
  title = {{The Humble Programmer}},
  author = {Edsger Dijkstra},
  journal = {Communications of ACM},
  publisher = {Association for Computer Machinery},
  year = 1972,
  volume = 15,
  number = 10
}

@book{NaurRandell,
  title = {{Software Engineering}},
  subtitle = {{Report on a Conference Sponsored by the NATO Science Commitee}},
  author = {Peter Naur and Brian Randell},
  publisher = {},
  year = 1968,
  address = {Garmisch/Germany}
}

@misc{AgileManifesto,
  title = {{Manifesto for Agile Software Development}},
  author = {Kent Beck and Martin Fowler and Alistair Cockburn and Ken Schwaber and Erich Gamma},
  year = 2001,
  url = {http://agilemanifesto.org},
  urlaccessdate = {26/06/2010}
}

@book{XPTeles,
  title = {{Extreme Programming}},
  author = {Vinícius Teles},
  subtitle = {{Aprenda Como Encantar Seus Usuários Desenvolvendo Software com Agilidade e Alta Qualidade}},
  publisher = {Novatec},
  year = 2004,
  address = {São Paulo}
}

@misc{ProgrammingIsEasySoftwareDevelopmentIsHard,
  title = {{Programming is Easy, Software Development is Hard}},
  author = {Krishna Kumar},
  year = 2011,
  url = {http://www.thoughtclusters.com/2011/01/programming-is-easy-software-development-is-hard/},
  urlaccessdate = {26/07/2011}
}

@mastersthesis{BDDRodrigo,
  title = {{Behaviour-Driven Development: Uma Abordagem Ágil para Engenharia de Software}},
  author = {Rodrigo Soares ManhÃes},
  school = "Escola Superior Aberta do Brasil",
  year = 2010,
  address = {Vilha Velha}
}

@book{XPKent,
  title = {{Programação Extrema Explicada}},
  subtitle = {{Acolha as Mudanças}},
  author = {Kent Beck},
  publisher = {Bookman},
  year = 2004,
  address = {Porto Alegre}
}

